@online{sisystem,
author		 =	{International Bureau of Weights and Measures (BIPM)},
title		 =	{{The International System of Units (SI)}},
date		 =   {2029-11-11},
url			 =	{https://www.bipm.org/documents/20126/41483022/SI-Brochure-9.pdf/fcf090b2-04e6-88cc-1149-c3e029ad8232?version=4.0&t=1736179646242&download=true},
doi	         =   {},
organization =  {}, 
note		 =	{},
notiz		 =	{Interne Notizen},
subtitle     =   {},
titleaddon   =   {},
language     = {},
version      = {9th edition, 2019}, 
addendum     = {}, 
pubstate = {}
}

@online{Wikipediaelektrotechnikbiblatex,
author		=	{{Wikipedia-Autoren, siehe Versionsgeschichte}},
title		=	{{Elektrotechnik -- Wikipedia, die freie Enzyklop\"adie}},
date		=	{2025-01-08},
month		=	{},
url			=	{https://de.wikipedia.org/w/index.php?title=Elektrotechnik&oldid=209822071},
type		=	{ },
number		=	{},
adress		=	{},
note		=	{},
version     =   {2021-03-15},
notiz		=	{Interne Notizen}
}


@book{kuehtz2011biblatex,
author		=	{Stefan K\"uhtz},
title		=	{{Wissenschaftlich formulieren}},
publisher		=	{Paderborn: Sch\"oningh},
year		=	{2011},
 number		=	{ISBN 978-3825234713},
 notiz		=	{Interne Notiz zu dem Buch}
}
